@Article{Alcala,
  author = 	 {Alcal\'a, Javier},
  title = 	 {Inteligencia Artificial en Videojuegos},
	year = 	 	 {2012}
  journal = 	 {Laboratorio de Investigaci\'on y Desarrollo en Inteligencia Artificial, Departamento de Ciencias e Ingenier\'ia de la Computaci\'on}
}

@Article{Aler,
  author = 	 {Aler, Ricardo},
  title = 	 {Programación Gen\'etica: control del bloat y uso de gram\'aticas},
  year = 	 {}
}

@Misc{Krusk,
  author    = {Algorithms and more},
  title     = {\'ARBOL DE EXPANSI\'ON M\'INIMA: ALGORITMO DE KRUSKAL},
  year      = {2012},
  webpage   = {https://jariasf.wordpress.com/2012/04/19/arbol-de-expansion-minima-algoritmo-de-kruskal/},
  lastaccess = {Mayo, 2017}
}

@Book{PEV,
	author = 	 {Araujo, Lourdes and	Cervig\'on, Carlos},
  publisher =	 {RA-MA S.A},
  title = 	 {Algoritmos evolutivos: un enfoque práctico},
  year = 	 2009
}

@Article{Bullen,
  author = 	 {Bullen, T and Katchabaw, M},
  title = 	 {USING GENETIC ALGORITHMS TO EVOLVE CHARACTER BEHAVIOURS IN MODERN VIDEO GAMES Problem Encoding Population Initialization Evaluation Selection Evolution Population Replacement},
  year = 	 2004
}

@Misc{Street,
	author    = {Capcom},
  title     = {Street Fighter},
  year      = {1987},
  webpage   = {http://www.streetfighter.com/},
  lastaccess = {Mayo, 2017}
}

@Misc{Delaunay,
	author    = {Departamento de Matem\'atica Aplicada, Universidad Polit\'ecnica de Madrid},
  title     = {Triangulaci\'on de Delaunay},
	year      = {2015},
  webpage   = {http://www.dma.fi.upm.es/recursos/aplicaciones/geometria_computacional_y_grafos/web/triangulaciones/delaunay.html},
  lastaccess = {Mayo, 2017}
}

@Misc{EcuRed,
	author    = {EcuRed, Portal},
  title     = {LISP},
	year      = {2016},
  webpage   = {https://www.ecured.cu/Lisp},
  lastaccess = {Mayo, 2017}
}

@Misc{Unreal,
  author    = {{Epic-Games}},
  title     = {Unreal Tournament},
  year      = {1999},
  webpage   = {https://www.epicgames.com/unrealtournament/},
  lastaccess = {Mayo, 2017}
}

@Article{FernandezAres,
   Author = {Fern\'andez-Ares, A. and Garc\'ia-S\'anchez, P. and Mora, A. M. and Castillo, P. A. and Merelo, J. J.},
   Title = {Designing competitive bots for a real time strategy game using genetic programming},
   journal = {CEUR Workshop Proceedings},
   Year = {2014}
}

@Misc{Xataka,
	author    = {Fern\'andez, Israel},
  title     = {Procedurally Generated Content: la revoluci\'on de los videojuegos es ahora (aunque llevamos 40 años cre\'andola)},
  year      = {2016},
  webpage   = {https://www.xataka.com/videojuegos/procedurally-generated-content-la-revolucion-de-los-videojuegos-es-ahora-aunque-llevamos-40-anos-creandola},
  lastaccess = {Mayo, 2017}
}

@Article{Font,
   Author = {Font, Jose M. and Izquierdo, Roberto and Manrique, Daniel and Togelius, Julian },
   Title = {Constrained Level Generation through Grammar-Based Evolutionary Algorithms},
   Year = {2016}
}

@Misc{Gamasutra,
  author    = {Gamasutra},
  title     = {Procedural Dungeon Generation Algorithm},
  year      = {2014},
  webpage   = {http://www.gamasutra.com/blogs/AAdonaac/20150903/252889/Procedural_Dungeon_Generation_Algorithm.php},
  lastaccess = {Mayo, 2017}
}

@Article{Garcia,
  author = 	 {Garc\'ia-Ortega, R. and Garc\'ia-Sanchez, P.},
  title = 	 {My life as a sim: evolving unique and engaging life stories using virtual worlds},
	year      = {2014},
  journal = 	 {ALIFE 14},
}

@Misc{Borderlands,
  author    = {Gearbox-Software},
  title     = {Borderlands},
  year      = {2009},
  webpage   = {https://borderlandsthegame.com/},
  lastaccess = {Mayo, 2017}
}

@Misc{Guillen,
	author    = {Guill\'en Torres, Beatriz},
  title     = {El verdadero padre de la inteligencia artificial},
  year      = {2016},
  webpage   = {https://www.bbvaopenmind.com/el-verdadero-padre-de-la-inteligencia-artificial/},
  lastaccess = {Mayo, 2017}
}

@Misc{NoMans,
  author    = {Hello-Games},
  title     = {No Man's Sky},
  year      = {2016},
  webpage   = {https://www.nomanssky.com/},
  lastaccess = {Mayo, 2017}
}

@Misc{Intriago,
	author    = {Intriago, John},
  title     = {Algoritmo A estrella},
  year      = {2014},
  webpage   = {https://advanceintelligence.wordpress.com/2014/10/07/algoritmo-a-estrella/},
  lastaccess = {Mayo, 2017}
}

@Article{Jackson,
  author = 	 {Jackson, David},
  title = 	 {Evolving Defence Strategies by Genetic Programming},
  journal = 	 {EuroGP},
  year = 	 2005
}

@Book{Koza,
  author = 	 {Koza, John R.},
  title = 	 {Genetic Programming: On the Programming of Computers by Means of Natural Selection},
  publisher = 	 {MIT Press},
  year = 	 1992
}

@Article{Langdon,
  author = 	 {Langdon, W B},
  title = 	 {Size Fair and Homologous Tree Genetic Programming Crossovers It has been known for some time that programs within}
}

@Article{Mart,
  author = 	 {Mart, Giovanna and Cant, Richard and Woods, David},
  title = 	 {Creating AI Characters for Fighting Games using Genetic Programming},
  year = 	 2016
}

@Misc{TestTuring,
	author    = {Matem\'atica Aplicada y Estad\'istica, Unidad Docente de},
  title     = {Test de Turing},
	year      = {2004},
  webpage   = {http://matap.dmae.upm.es/cienciaficcion/DIVULGACION/3/TestTuring.htm},
  lastaccess = {Mayo, 2017}
}

@Misc{Minecraft,
	author    = {Mojang},
  title     = {Minecraft},
  year      = {2011},
  webpage   = {https://minecraft.net/},
  lastaccess = {Mayo, 2017}
}

@Misc{Munoz,
	author    = {Mu\'noz, Mario},
  title     = {Juegos Roguelike: Historia y actualidad},
  year      = {2014},
  webpage   = {http://www.fsgamer.com/juegos-roguelike-historia-y-actualidad-20140414.html},
  lastaccess = {Mayo, 2017}
}

@Misc{Pacman,
  author    = {Namco},
  title     = {Pacman},
  year      = {1980},
  webpage   = {http://pacman.com/},
  lastaccess = {Mayo, 2017}
}

@Article{Nogueira,
  author = 	 {Nogueira, Mariela and Cotta, Carlos and Fern\'andez, Antonio J},
  title = 	 {Optimizaci\'on en videojuegos: retos para la comunidad cient\'ifica},
  year = 	 2015
}

@Article{Nicolau,
  author = 	 {P\'erez, Diego and Nicolau, Miguel and O'Neill, Michael and Brabazon, Anthony},
  title = 	 {Evolving behaviour trees for the Mario AI competition using grammatical evolution},
  journal = 	 {Lecture Notes in Computer Science (including subseries Lecture Notes in Artificial Intelligence and Lecture Notes in Bioinformatics)},
  number =       1,
  year = 	 2011
}

@Article{Perez,
  author = 	 {P\'erez, Diego and Togelius, Julian and Samothrakis, Spyridon and Rohlfshagen, Philipp and Lucas, S},
  title = 	 {Automated map generation for the physical travelling salesman problem},
  journal = 	 {Evolutionary Computation, IEEE Transactions on},
  year = 	 2013
}

@Article{Raffe,
  author = 	 {Raffe, William L.},
  title = 	 {Personalized procedural map generation in games via evolutionary algorithms},
  journal = 	 {ACM SIGEVOlution},
  number =       1,
  year = 	 2014
}

@Misc{Ruiz,
	author    = {Ruiz Duarte, Jenny Marcela and P\'erez Cort\'es, Ana Liliana and Mill\'an Villalba, Mar\'ia Camila},
  title     = {Minimax y Poda Alfa-beta},
  year      = {2013},
  webpage   = {https://prezi.com/okhoygagvjz6/minimax-y-poda-alfa-beta/},
  lastaccess = {Mayo, 2017}
}

@Article{Shaker,
  author = 	 {Shaker, Noor and Nicolau, Miguel and Yannakakis, Georgios N. and Togelius, Julian and O'Neill, Michael},
  title = 	 {Evolving levels for Super Mario Bros using grammatical evolution},
  journal = 	 {2012 IEEE Conference on Computational Intelligence and Games, CIG 2012},
  year = 	 2012
}

@Article{Shichel,
  author = 	 {Shichel, Y and Ziserman, E and Sipper, M},
  title = 	 {GP-robocode: Using genetic programming to evolve robocode players},
  journal = 	 {Proceedings of the 8th European Conference on Genetic Programming},
  year = 	 2005
}

@Article{Sipper,
  author = 	 {Sipper, Moshe and Azaria, Yaniv and Hauptman, Ami and Shichel, Yehonatan},
  title = 	 {Attaining human-competitive game playing with genetic programming},
  journal = 	 {IEEE Transactions on Systems, Man and Cybernetics},
  year = 	 2006
}

@Misc{Space,
	author    = {Taito Corporation},
	title     = {Space Invaders},
	year      = {1978},
	webpage   = {http://www.spaceinvaders.net/},
	lastaccess = {Mayo, 2017}
}

@Article{Toguelius,
  author = 	 {Togelius, Julian and Preuss, Mike and Beume, Nicola and Wessing, Simon and Hagelbäck, Johan and Yannakakis, Georgios N. and Grappiolo, Corrado},
  title = 	 {Controllable procedural map generation via multiobjective evolution},
  journal = 	 {Genetic Programming and Evolvable Machines},
  year = 	 2013
}

@Misc{Rogue,
	author    = {Toy, Michael and Wichman, Glenn and Arnold, Ken},
  title     = {Rogue},
  year      = {1980},
}

@Misc{Bots,
	author    = {Unity},
  title     = {Angry Bots},
  year      = {2011},
}

@Misc{Grafo,
	author    = {Universidad de Oviedo, Centro de inteligencia artificial},
  title     = {Problema del Coloreamiento de un Grafo},
	year      = {1997},
  webpage   = {http://www.aic.uniovi.es/ssii/Tutorial/Grafos.html},
  lastaccess = {Mayo, 2017}
}

@Misc{Neuronales,
  author    = {Universidad de Salamanca},
  title     = {Redes Neuronales},
  webpage   = {http://avellano.usal.es/~lalonso/RNA/},
  lastaccess = {Mayo, 2017}
}

@Wikipedia{Tex,
	author = {Wikipedia},
	title = {{TeX}},
	wpentry = {TeX},
	language = {es},
	webpage = {https://es.wikipedia.org/wiki/TeX},
	lastaccess = {Mayo, 2017}
}

@Wikipedia{WikipediaB,
  author = {Wikipedia},
	title = {{LaTeX}},
	wpentry = {LaTeX},
	language = {es},
	webpage = {http://es.wikipedia.org/wiki/LaTeX},
	lastaccess = {Mayo, 2009}
}

